[gd_scene load_steps=28 format=2]

[ext_resource path="res://entities/player/run/player_running_4.png" type="Texture" id=1]
[ext_resource path="res://entities/player/player.gd" type="Script" id=2]
[ext_resource path="res://entities/player/run/player_running_3.png" type="Texture" id=4]
[ext_resource path="res://entities/player/jump/player_jump_1.png" type="Texture" id=5]
[ext_resource path="res://entities/player/sounds/death.wav" type="AudioStream" id=6]
[ext_resource path="res://entities/player/run/player_running_2.png" type="Texture" id=7]
[ext_resource path="res://entities/player/sounds/jump.wav" type="AudioStream" id=8]
[ext_resource path="res://entities/player/fall/player_fall_1.png" type="Texture" id=9]
[ext_resource path="res://entities/player/run/player_running_1.png" type="Texture" id=10]
[ext_resource path="res://entities/player/jump/player_jump_0.png" type="Texture" id=11]
[ext_resource path="res://entities/player/sounds/jump_wall.wav" type="AudioStream" id=12]
[ext_resource path="res://entities/player/sounds/jump_double.wav" type="AudioStream" id=13]
[ext_resource path="res://entities/player/GUI.gd" type="Script" id=14]
[ext_resource path="res://entities/player/fall/player_fall_0.png" type="Texture" id=16]
[ext_resource path="res://entities/player/idle/player_idle_3.png" type="Texture" id=17]
[ext_resource path="res://entities/player/run/player_running_0.png" type="Texture" id=18]
[ext_resource path="res://entities/player/idle/player_idle_2.png" type="Texture" id=19]
[ext_resource path="res://entities/player/idle/player_idle_0.png" type="Texture" id=21]
[ext_resource path="res://entities/player/idle/player_idle_1.png" type="Texture" id=22]
[ext_resource path="res://entities/player/slide/player_sliding_1.png" type="Texture" id=23]
[ext_resource path="res://entities/player/slide/player_sliding_0.png" type="Texture" id=24]

[sub_resource type="Animation" id=1]
resource_name = "fall"
length = 0.2
loop = true
step = 0.02
tracks/0/type = "value"
tracks/0/path = NodePath("Sprite:texture")
tracks/0/interp = 1
tracks/0/loop_wrap = true
tracks/0/imported = false
tracks/0/enabled = true
tracks/0/keys = {
"times": PoolRealArray( 0, 0.1 ),
"transitions": PoolRealArray( 1, 1 ),
"update": 1,
"values": [ ExtResource( 16 ), ExtResource( 9 ) ]
}

[sub_resource type="Animation" id=2]
resource_name = "idle"
length = 0.4
loop = true
step = 0.02
tracks/0/type = "value"
tracks/0/path = NodePath("Sprite:texture")
tracks/0/interp = 1
tracks/0/loop_wrap = true
tracks/0/imported = false
tracks/0/enabled = true
tracks/0/keys = {
"times": PoolRealArray( 0, 0.1, 0.2, 0.3 ),
"transitions": PoolRealArray( 1, 1, 1, 1 ),
"update": 1,
"values": [ ExtResource( 21 ), ExtResource( 22 ), ExtResource( 19 ), ExtResource( 17 ) ]
}

[sub_resource type="Animation" id=3]
resource_name = "jump"
length = 0.2
loop = true
step = 0.02
tracks/0/type = "value"
tracks/0/path = NodePath("Sprite:texture")
tracks/0/interp = 1
tracks/0/loop_wrap = true
tracks/0/imported = false
tracks/0/enabled = true
tracks/0/keys = {
"times": PoolRealArray( 0, 0.1 ),
"transitions": PoolRealArray( 1, 1 ),
"update": 1,
"values": [ ExtResource( 11 ), ExtResource( 5 ) ]
}

[sub_resource type="Animation" id=4]
resource_name = "running"
length = 0.2
loop = true
step = 0.02
tracks/0/type = "value"
tracks/0/path = NodePath("Sprite:texture")
tracks/0/interp = 1
tracks/0/loop_wrap = true
tracks/0/imported = false
tracks/0/enabled = true
tracks/0/keys = {
"times": PoolRealArray( 0, 0.04, 0.08, 0.12, 0.16 ),
"transitions": PoolRealArray( 1, 1, 1, 1, 1 ),
"update": 1,
"values": [ ExtResource( 18 ), ExtResource( 10 ), ExtResource( 7 ), ExtResource( 4 ), ExtResource( 1 ) ]
}

[sub_resource type="Animation" id=5]
resource_name = "sliding"
length = 0.4
loop = true
step = 0.02
tracks/0/type = "value"
tracks/0/path = NodePath("Sprite:texture")
tracks/0/interp = 1
tracks/0/loop_wrap = true
tracks/0/imported = false
tracks/0/enabled = true
tracks/0/keys = {
"times": PoolRealArray( 0, 0.2 ),
"transitions": PoolRealArray( 1, 1 ),
"update": 1,
"values": [ ExtResource( 24 ), ExtResource( 23 ) ]
}

[sub_resource type="RectangleShape2D" id=6]
extents = Vector2( 5.5, 10.5 )

[node name="Player" type="KinematicBody2D" groups=[
"players",
]]
collision_layer = 2
collision_mask = 9
script = ExtResource( 2 )
has_projectile_dysfunction = true

[node name="ResourcePreloader" type="ResourcePreloader" parent="."]
resources = [ PoolStringArray( "death", "jump", "jump_double", "jump_wall" ), [ ExtResource( 6 ), ExtResource( 8 ), ExtResource( 13 ), ExtResource( 12 ) ] ]

[node name="ShootTimer" type="Timer" parent="."]
process_mode = 0
wait_time = 0.1
one_shot = true

[node name="AnimationPlayer" type="AnimationPlayer" parent="."]
autoplay = "idle"
anims/fall = SubResource( 1 )
anims/idle = SubResource( 2 )
anims/jump = SubResource( 3 )
anims/running = SubResource( 4 )
anims/sliding = SubResource( 5 )

[node name="SFX" type="AudioStreamPlayer2D" parent="."]
attenuation = 0.659754
bus = "SFX"

[node name="Camera2D" type="Camera2D" parent="."]
current = true

[node name="GUI" type="Node2D" parent="."]
z_index = 1
z_as_relative = false
script = ExtResource( 14 )

[node name="VBoxContainer" type="VBoxContainer" parent="GUI"]
margin_left = -96.0
margin_top = -111.0
margin_right = 96.0
margin_bottom = -25.0
alignment = 2
__meta__ = {
"_edit_use_anchors_": false
}

[node name="Speed" type="Label" parent="GUI/VBoxContainer"]
margin_right = 192.0
margin_bottom = 14.0
text = "Speed"
align = 1
valign = 1
__meta__ = {
"_edit_use_anchors_": false
}

[node name="OnThings" type="Label" parent="GUI/VBoxContainer"]
margin_top = 18.0
margin_right = 192.0
margin_bottom = 32.0
text = "{IsOnThings}"
align = 1
valign = 1
__meta__ = {
"_edit_use_anchors_": false
}

[node name="Jumps" type="Label" parent="GUI/VBoxContainer"]
margin_top = 36.0
margin_right = 192.0
margin_bottom = 50.0
text = "{jumps}"
align = 1
valign = 1
__meta__ = {
"_edit_use_anchors_": false
}

[node name="State" type="Label" parent="GUI/VBoxContainer"]
margin_top = 54.0
margin_right = 192.0
margin_bottom = 68.0
text = "{statemachine}"
align = 1
valign = 1
__meta__ = {
"_edit_use_anchors_": false
}

[node name="Name" type="Label" parent="GUI/VBoxContainer"]
margin_top = 72.0
margin_right = 192.0
margin_bottom = 86.0
text = "{name}"
align = 1
valign = 1
__meta__ = {
"_edit_use_anchors_": false
}

[node name="Sprite" type="Sprite" parent="."]
texture = ExtResource( 16 )
offset = Vector2( 0, -16 )

[node name="PosBullet" type="Position2D" parent="Sprite"]
position = Vector2( 11, -11 )
__meta__ = {
"_gizmo_extents_": 5.0
}

[node name="PosHead" type="Position2D" parent="Sprite"]
position = Vector2( 0, -20 )
rotation = 3.14159
scale = Vector2( 1, -1 )

[node name="ShapeTransform" type="RemoteTransform2D" parent="Sprite"]
position = Vector2( 1.5, -10.5 )
remote_path = NodePath("../../Shape")
update_scale = false

[node name="Shape" type="CollisionShape2D" parent="."]
position = Vector2( 1.5, -10.5 )
shape = SubResource( 6 )
